@inproceedings{Campos:2018:SII:3266037.3266105,
 author = {Campos, Pedro F. and Cabral, Diogo and Gon\c{c}alves, Frederica},
 title = {Sense.Seat: Inducing Improved Mood and Cognition Through Multisensorial Priming},
 booktitle = {The 31st Annual ACM Symposium on User Interface Software and Technology Adjunct Proceedings},
 series = {UIST '18 Adjunct},
 year = {2018},
 isbn = {978-1-4503-5949-8},
 location = {Berlin, Germany},
 pages = {72--74},
 numpages = {3},
 url = {http://doi.acm.org/10.1145/3266037.3266105},
 doi = {10.1145/3266037.3266105},
 acmid = {3266105},
 publisher = {ACM},
 address = {New York, NY, USA},
 keywords = {ergonomics, input and output, interaction design, interactive furniture, multisensorial, priming, user experience},
}

@inproceedings{adams2015mindless,
  title={Mindless computing: designing technologies to subtly influence behavior},
  author={Adams, Alexander T and Costa, Jean and Jung, Malte F and Choudhury, Tanzeem},
  booktitle={Proceedings of the 2015 ACM International Joint Conference on Pervasive and Ubiquitous Computing},
  pages={719--730},
  year={2015},
  organization={ACM}
}

@article{blumenthal2015cognitive,
  title={Cognitive biases and heuristics in medical decision making: a critical review using a systematic search strategy},
  author={Blumenthal-Barby, Jennifer S and Krieger, Heather},
  journal={Medical Decision Making},
  volume={35},
  number={4},
  pages={539--557},
  year={2015},
  publisher={SAGE Publications Sage CA: Los Angeles, CA}
}

@article{kessler2014behavioral,
  title={Behavioral Economics and Health},
  author={Kessler, Judd B and Zhang, C Yiwei},
  journal={Paper for Oxford Textbook of Public Health. Available at: http://assets. wharton. upenn. edu/\~{} czhan/KesslerZhang\_BehavioralEconom icsHealth. pdf},
  year={2014}
}

@inproceedings{Caraban:2018:EFS:3232078.3232095,
 author = {Caraban, Ana and Karapanos, Evangelos and Campos, Pedro and Gon\c{c}alves, Daniel},
 title = {Exploring the Feasibility of Subliminal Priming on Web Platforms},
 booktitle = {Proceedings of the 36th European Conference on Cognitive Ergonomics},
 series = {ECCE'18},
 year = {2018},
 isbn = {978-1-4503-6449-2},
 location = {Utrecht, Netherlands},
 pages = {8:1--8:11},
 articleno = {8},
 numpages = {11},
 url = {http://doi.acm.org/10.1145/3232078.3232095},
 doi = {10.1145/3232078.3232095},
 acmid = {3232095},
 publisher = {ACM},
 address = {New York, NY, USA},
 keywords = {Persuasive technology, affective computing, behavior change, nudging, subliminal priming},
}

@inproceedings{Calisto:2017:TTM:3132272.3134111,
 author = {Calisto, Francisco M. and Ferreira, Alfredo and Nascimento, Jacinto C. and Gon\c{c}alves, Daniel},
 title = {Towards Touch-Based Medical Image Diagnosis Annotation},
 booktitle = {Proceedings of the 2017 ACM International Conference on Interactive Surfaces and Spaces},
 series = {ISS '17},
 year = {2017},
 isbn = {978-1-4503-4691-7},
 location = {Brighton, United Kingdom},
 pages = {390--395},
 numpages = {6},
 url = {http://doi.acm.org/10.1145/3132272.3134111},
 doi = {10.1145/3132272.3134111},
 acmid = {3134111},
 publisher = {ACM},
 address = {New York, NY, USA},
 keywords = {Human-Computer Interaction, Interaction Design, Medical Image Diagnosis, Medical Visualization, Touch-Based},
}

@article{bazerman2008judgment,
  title={Judgment in managerial decision making},
  author={Bazerman, Max H and Moore, Don A},
  year={2008},
  publisher={Wiley}
}

@article{borofsky2017we,
  title={What are we missing? False-negative cancers at multiparametric MR imaging of the prostate},
  author={Borofsky, Samuel and George, Arvin K and Gaur, Sonia and Bernardo, Marcelino and Greer, Matthew D and Mertan, Francesca V and Taffel, Myles and Moreno, Vanesa and Merino, Maria J and Wood, Bradford J and others},
  journal={Radiology},
  volume={286},
  number={1},
  pages={186--195},
  year={2017},
  publisher={Radiological Society of North America}
}

@article{eklund2016cluster,
  title={Cluster failure: why fMRI inferences for spatial extent have inflated false-positive rates},
  author={Eklund, Anders and Nichols, Thomas E and Knutsson, Hans},
  journal={Proceedings of the National Academy of Sciences},
  pages={201602413},
  year={2016},
  publisher={National Acad Sciences}
}

@article{gibb2018emerging,
  title={Emerging opportunities and challenges for passive acoustics in ecological assessment and monitoring},
  author={Gibb, Rory and Browning, Ella and Glover-Kapfer, Paul and Jones, Kate E},
  journal={Methods in Ecology and Evolution},
  year={2018},
  publisher={Wiley Online Library}
}

@article{eldridge2016new,
  title={A new method for ecoacoustics? Toward the extraction and evaluation of ecologically-meaningful soundscape components using sparse coding methods},
  author={Eldridge, Alice and Casey, Michael and Moscoso, Paola and Peck, Mika},
  journal={PeerJ},
  volume={4},
  pages={e2108},
  year={2016},
  publisher={PeerJ Inc.}
}

@article{clink2017investigating,
  title={Investigating individual vocal signatures and small-scale patterns of geographic variation in female Bornean gibbon (Hylobates muelleri) great calls},
  author={Clink, Dena J and Bernard, Henry and Crofoot, Margaret C and Marshall, Andrew J},
  journal={International Journal of Primatology},
  volume={38},
  number={4},
  pages={656--671},
  year={2017},
  publisher={Springer}
}

@article{bradbury1998principles,
  title={Principles of animal communication},
  author={Bradbury, Jack W and Vehrencamp, Sandra L},
  year={1998}
}

@article{hill2018audiomoth,
  title={AudioMoth: Evaluation of a smart open acoustic device for monitoring biodiversity and the environment},
  author={Hill, Andrew P and Prince, Peter and Pi{\~n}a Covarrubias, Evelyn and Doncaster, C Patrick and Snaddon, Jake L and Rogers, Alex},
  journal={Methods in Ecology and Evolution},
  volume={9},
  number={5},
  pages={1199--1211},
  year={2018},
  publisher={Wiley Online Library}
}

@article{jones2013indicator,
  title={Indicator bats program: a system for the global acoustic monitoring of bats},
  author={Jones, Kate E and Russ, Jon A and Bashta, Andriy-Taras and Bilhari, Zolt{\'a}lan and Catto, Colin and Cs{\H{o}}sz, Istv{\'a}n and Gorbachev, Alexander and Gy{\H{o}}rfi, P{\'a}leter and Hughes, Alice and Ivashkiv, Igor and others},
  journal={Biodiversity monitoring and conservation: bridging the gap between global commitment and local action},
  pages={211--247},
  year={2013},
  publisher={Wiley Online Library}
}

@article{newson2015novel,
  title={A novel citizen science approach for large-scale standardised monitoring of bat activity and distribution, evaluated in eastern England},
  author={Newson, Stuart E and Evans, Hazel E and Gillings, Simon},
  journal={Biological Conservation},
  volume={191},
  pages={38--49},
  year={2015},
  publisher={Elsevier}
}

@inproceedings{tullo2013precision,
  title={Precision livestock farming: an overview of image and sound labelling},
  author={Tullo, E and Fontana, I and Guarino, M},
  booktitle={European Conference on Precision Livestock Farming 2013:(PLF) EC-PLF},
  pages={30--38},
  year={2013},
  organization={KU Leuven}
}

@article{kershenbaum2016acoustic,
  title={Acoustic sequences in non-human animals: a tutorial review and prospectus},
  author={Kershenbaum, Arik and Blumstein, Daniel T and Roch, Marie A and Ak{\c{c}}ay, {\c{C}}a{\u{g}}lar and Backus, Gregory and Bee, Mark A and Bohn, Kirsten and Cao, Yan and Carter, Gerald and Caesar, Cristiane and others},
  journal={Biological Reviews},
  volume={91},
  number={1},
  pages={13--52},
  year={2016},
  publisher={Wiley Online Library}
}

@book{zimmer2011passive,
  title={Passive acoustic monitoring of cetaceans},
  author={Zimmer, Walter MX},
  year={2011},
  publisher={Cambridge University Press}
}

@article{frost1997review,
  title={A review of livestock monitoring and the need for integrated systems},
  author={Frost, AR and Schofield, CP and Beaulah, SA and Mottram, TT and Lines, JA and Wathes, CM},
  journal={Computers and electronics in agriculture},
  volume={17},
  number={2},
  pages={139--159},
  year={1997},
  publisher={Elsevier}
}

@article{lucas2015generalised,
  title={A generalised random encounter model for estimating animal density with remote sensor data},
  author={Lucas, Tim CD and Moorcroft, Elizabeth A and Freeman, Robin and Rowcliffe, J Marcus and Jones, Kate E},
  journal={Methods in Ecology and Evolution},
  volume={6},
  number={5},
  pages={500--509},
  year={2015},
  publisher={Wiley Online Library}
}

@article{campos2016improving,
  title={Improving distribution data of threatened species by combining acoustic monitoring and occupancy modelling},
  author={Campos-Cerqueira, Marconi and Aide, T Mitchell},
  journal={Methods in Ecology and Evolution},
  volume={7},
  number={11},
  pages={1340--1348},
  year={2016},
  publisher={Wiley Online Library}
}

@article{kalan2015towards,
  title={Towards the automated detection and occupancy estimation of primates using passive acoustic monitoring},
  author={Kalan, Ammie K and Mundry, Roger and Wagner, Oliver JJ and Heinicke, Stefanie and Boesch, Christophe and K{\"u}hl, Hjalmar S},
  journal={Ecological Indicators},
  volume={54},
  pages={217--226},
  year={2015},
  publisher={Elsevier}
}

@article{sueur2008rapid,
  title={Rapid acoustic survey for biodiversity appraisal},
  author={Sueur, J{\'e}r{\^o}me and Pavoine, Sandrine and Hamerlynck, Olivier and Duvail, St{\'e}phanie},
  journal={PloS one},
  volume={3},
  number={12},
  pages={e4065},
  year={2008},
  publisher={Public Library of Science}
}

@article{underwood2002pain,
  title={Pain and distress in agricultural animals},
  author={Underwood, Wendy J},
  journal={Journal of the American Veterinary Medical Association},
  volume={221},
  number={2},
  pages={208--211},
  year={2002},
  publisher={Am Vet Med Assoc}
}

@inproceedings{baumker2018development,
  title={Development of a batteryless VHF-Beacon and tracker for mammals},
  author={B{\"a}umker, E and Sch{\"u}le, F and Woias, P},
  booktitle={Journal of Physics: Conference Series},
  volume={1052},
  number={1},
  pages={012005},
  year={2018},
  organization={IOP Publishing}
}

@inproceedings{astuti2011animal,
  title={Animal sound activity detection using multi-class support vector machines},
  author={Astuti, Winda and Aibinu, Abiodun Musa and Salami, MJ E and Akmelawati, R and Muthalif, Asan GA},
  booktitle={Mechatronics (ICOM), 2011 4th International Conference On},
  pages={1--5},
  year={2011},
  organization={IEEE}
}